@Online{WhatAreMicroservices:online,
  title   = {What Are Microservices Design Patterns? - Codemotion Magazine},
  url     = {https://www.codemotion.com/magazine/backend/what-are-microservices-design-patterns/},
  urldate = {2023-03-28},
}

@Online{McKinsey2020,
  author  = {McKinsey},
  title   = {{COVID-19 digital transformation \& technology | McKinsey}},
  url     = {https://www.mckinsey.com/capabilities/strategy-and-corporate-finance/our-insights/how-covid-19-has-pushed-companies-over-the-technology-tipping-point-and-transformed-business-forever/},
  urldate = {2023-08-22},
  year    = {2020},
}

@Online{statista_cloud_trend_2022,
  author  = {Naveen Tavva},
  title   = {Public Cloud - Marktdatenanalyse und Prognose | Statista},
  url     = {https://de.statista.com/statistik/studie/id/85672/dokument/public-cloud-report/},
  urldate = {2023-08-23},
  year    = {2022},
}

@Online{compWoche,
  author  = {David Linthicum},
  date    = {2023-05-24},
  title   = {Drei Nachteile: Was gegen Cloud-Native spricht - computerwoche.de},
  url     = {https://www.computerwoche.de/a/was-gegen-cloud-native-spricht,3613754},
  urldate = {2023-08-29},
}

@Online{pokemonGo,
  author  = {Priyanka Vergadia, James Prompanya},
  date    = {2021-10-27},
  title   = {How Pokémon GO scales to millions of requests? | Google Cloud Blog},
  url     = {https://cloud.google.com/blog/topics/developers-practitioners/how-pok%C3%A9mon-go-scales-millions-requests?hl=en},
  urldate = {2023-08-29},
}

@Article{henneberger2016cloud,
  author    = {Henneberger, Matthias},
  title     = {Von „Cloud Enabling “zu „Cloud Native “: Wie Cloud Computing die Unternehmens-IT ver{\"a}ndert},
  pages     = {8--19},
  volume    = {8},
  journal   = {Wirtschaftsinformatik \& Management},
  publisher = {Springer},
  year      = {2016},
}

@Book{kratzke2021cloud,
  author    = {Kratzke, Nane},
  title     = {Cloud-native Computing: Software Engineering von Diensten und Applikationen f{\"u}r die Cloud},
  isbn      = {978-3-446-46228-1},
  publisher = {Carl Hanser Verlag GmbH Co KG},
  year      = {2021},
}

@Book{wolff2018microservices,
  author    = {Wolff, Eberhard},
  title     = {Das Microservices-Praxisbuch: Grundlagen, Konzepte und Rezepte},
  isbn      = {978-3-86490-526-1},
  publisher = {dpunkt. verlag},
  year      = {2018},
}

@Online{k8s2022,
  author  = {Kubernetes},
  date    = {2022},
  title   = {Was ist Kubernetes? | Kubernetes},
  url     = {https://kubernetes.io/de/docs/concepts/overview/what-is-kubernetes/},
  urldate = {2023-09-03},
}

@Misc{Pourmajidi2023,
  author        = {William Pourmajidi and Lei Zhang and John Steinbacher and Tony Erwin and Andriy Miranskyy},
  title         = {A Reference Architecture for Observability and Compliance of Cloud Native Applications},
  eprint        = {2302.11617},
  archiveprefix = {arXiv},
  primaryclass  = {cs.SE},
  year          = {2023},
}

@Comment{jabref-meta: databaseType:biblatex;}
