@Online{WhatAreMicroservices:online,
  title   = {What Are Microservices Design Patterns? - Codemotion Magazine},
  url     = {https://www.codemotion.com/magazine/backend/what-are-microservices-design-patterns/},
  urldate = {2023-03-28},
}

@Comment{jabref-meta: databaseType:bibtex;}
